=LDR  02378cam a2200565 i 4500
=001  991011981949704081
=005  20180103192731.0
=008  130321s2013\\\\nyu\\\\\\\\\\\000\1\eng\\
=010  \\$a2013006414
=020  \\$a9780765327482 (hardcover)
=020  \\$a0765327481 (hardcover)
=020  \\$z9781429944090 (e-book)
=035  \\$a(NvLN)b46060868-01unlv_inst
=035  \\$a(OCoLC)830992514$z(OCoLC)812068561$z(OCoLC)855889894
=035  \\$a(UtOrBLW)b46060868
=040  \\$aDLC$beng$erda$cDLC$dIG#$dJQM$dOCLCO$dVP@$dYDXCP$dCHVBK$dBTCTA$dBDX$dJAG$dCO2$dLIV$dUNL
=042  \\$apcc
=043  \\$an-us-nv
=049  \\$aUNLS
=050  00$aPS3554.O8237$bC276998 2013
=082  00$a813/.54$223
=100  1\$aDouglas, Carole Nelson,$eauthor.
=245  10$aCat in an alien x-ray :$ba Midnight Louie Mystery /$cCarole Nelson Douglas
=250  \\$aFirst edition
=264  \1$aNew York :$bForge,$c2013
=300  \\$a351 pages ;$c22 cm
=336  \\$atext$2rdacontent
=337  \\$aunmediated$2rdamedia
=338  \\$avolume$2rdacarrier
=490  1\$aA Midnight Louie mystery
=500  \\$a"A Tom Doherty Associates Book"
=590  \\$aLibrary's copy inscribed "Very best fishes!", signed by the author and by Midnight Louie in green ink and dated July 29, 2013
=520  \\$aWhen an Area 51 attraction on the Strip brings hordes of UFO enthusiasts and conspiracy theorists to Vegas, feline private investigator Midnight Louie and the gang tackle an all-too-human adversary who is taking advantage of easily swayed victims
=650  \0$aMidnight Louie (Fictitious character)$vFiction
=650  \0$aBarr, Temple (Fictitious character)$vFiction
=650  \0$aWomen private investigators$zNevada$zLas Vegas$vFiction
=650  \0$aWomen public relations personnel$zNevada$zLas Vegas$vFiction 
=650  \0$aWomen cat owners$zNevada$zLas Vegas$vFiction
=650  \0$aCats$zNevada$zLas Vegas$vFiction
=651  \0$aLas Vegas (Nev.)$vFiction
=655  \7$aMystery fiction.$2gsafd
=655  \7$aDetective and mystery fiction$2lcgft
=800  1\$aDouglas, Carole Nelson.$tMidnight Louie mysteries
=907  \\$a.b46060868$b09-29-16$c12-12-13
=910  \\$ardae
=911  \\$aklr
=945  \\$g1$lunls $nGIFT$o-$p{dollar}0.00$q-$r-$so$t0$u0$v0$w0$x0$y.i55741289$z12-12-13
=949  0\$aUNLS$so$xGIFT
=994  \\$aC0$bUNL
=998  \\$aunls$b12-12-13$cm$da$e-$feng$gnyu$h0$i1

