=LDR  01760cam a2200505 a 4500
=001  991007715039704081
=005  20180103185221.0
=008  100201s2011\\\\nyua\\\b\\\\\\000\1\eng\\
=010  \\$a2009053455
=020  \\$a9780061910241 (trade bdg.)
=020  \\$a0061910244 (trade bdg.)
=020  \\$a9780061910258 (lib. bdg.)
=020  \\$a0061910252 (lib. bdg.)
=035  \\$a(NvLN)b43429968-01unlv_inst
=035  \\$a(OCoLC)527639342
=035  \\$a(UtOrBLW)b43429968
=040  \\$aDLC$beng$cDLC$dIG#$dBTCTA$dVP@$dYDXCP$dEHH$dIAD$dBDX$dUNL
=042  \\$alcac
=049  \\$aUNLC
=082  00$a[E]$222
=099  \\$aPicBk Litwin
=100  1\$aLitwin, Eric
=245  10$aRocking in my school shoes /$cstory by Eric Litwin (aka Mr. Eric) ; art by James Dean
=250  \\$a1st ed
=260  \\$aNew York :$bHarper,$cc2011
=300  \\$a1 v. (unpaged) :$bcol. ill. ;$c29 cm
=336  \\$atext$btxt$2rdacontent
=337  \\$aunmediated$bn$2rdamedia
=338  \\$avolume$bnc$2rdacarrier
=490  1\$aPete the cat
=520  \\$aPete the cat wears his school shoes when visiting the library, the lunchroom, the playground, and more while singing his special song
=650  \0$aSchools$vJuvenile picture books
=650  \0$aCats$vJuvenile picture books
=650  \0$aShoes$vJuvenile picture books
=650  \0$aSinging$vJuvenile picture books
=700  1\$aDean, James,$d1957-$eillustrator.$4ill
=830  \0$aPete the cat
=907  \\$a.b43429968$b08-03-14$c04-27-12
=910  \\$ardae
=911  \\$adcm
=945  \\$g1$i31147013371150$lunlci$o-$p{dollar}0.00$q-$r-$s-$t0$u24$v10$w3$x3$y.i53278513$z05-22-12
=949  0\$aUNLCI$p31147013371150
=994  \\$aC0$bUNL
=998  \\$aunlci$b05-22-12$cm$da$e-$feng$gnyu$h0$i1
=999  \\$t.o7533743

