=LDR  02355cam a2200529Ia 4500
=001  991005707579704081
=005  20180103184912.0
=008  101106s2011\\\\orua\\\\\6\\\\000\1\eng\d
=016  7\$a015674829$2Uk
=020  \\$a9781595826527 (v. 1)
=020  \\$a1595826521 (v. 1)
=020  \\$a9781595826534 (v. 2)
=020  \\$a159582653X (v. 2)
=035  \\$a(NvLN)b52771349-01unlv_inst
=035  \\$a(OCoLC)679928098$z(OCoLC)740157950
=035  \\$a(UtOrBLW)b52771349
=040  \\$aBTCTA$beng$cBTCTA$dOCO$dRNL$dNDD$dUKMGB$dWAU$dB@L$dOCLCF$dWHCCD$dUNL
=049  \\$aUNLC
=082  04$a741.5/973$222
=099  \\$aJuvGn McNeil
=100  1\$aMcNeil, Carla Speed
=245  14$aThe finder library /$cCarla Speed McNeil
=250  \\$a1st ed
=260  \\$aMilawukie, Or. :$bDark Horse Comics,$c2011
=300  \\$a2 v. :$bchiefly ill. ;$c23 cm
=336  \\$atext$btxt$2rdacontent
=337  \\$aunmediated$bn$2rdamedia
=338  \\$avolume$bnc$2rdacarrier
=505  0\$aVol. 1. Sin-eater -- King of the cats -- Talisman. Vol. 2. Dream sequence -- Mystery date -- The rescuers -- Five crazy women
=500  \\$aVolume 1 collects Finder #1-#22 and additional materials; Volume 2 collects Finder #23-#38 and additional materials
=520  \\$aSet in a vastly depopulated far-future Earth where numerous hunter-gatherer cultures, some human and some not, surround densely overpopulated domed city-states of recognizably modern urbanites functioning at a high technological level. Jaeger is a finder, a hunter-tracker bound by a secret society to give aid to anyone when asked
=650  \0$aIndigenous peoples$vComic books, strips, etc
=650  \0$aRegression (Civilization)$vComic books, strips, etc
=650  \0$aMagic$vComic books, strips, etc
=650  \7$aComic books, strips, etc.$2fast$0(OCoLC)fst00869145
=650  \7$aGraphic novels.$2fast$0(OCoLC)fst00946656
=655  \0$aFantasy comic books, strips, etc
=655  \0$aScience fiction comic books, strips, etc
=655  \7$aGraphic novels.$2lcgft
=907  \\$a.b52771349$b10-02-17$c01-05-16
=910  \\$ardae
=911  \\$akrr
=945  \\$cv.1$g1$i31147014319364$lunlcg$o-$p{dollar}0.00$q-$r-$s-$t0$u0$v0$w0$x0$y.i63478808$z01-05-16
=949  0\$aUNLCG$p31147014319364$vv.1
=949  3\$aUNLCG$gv.1
=994  \\$aC0$bUNL
=998  \\$aunlcg$b01-05-16$cm$da$e-$feng$goru$h4$i1

