=LDR  01272cam a2200385Ia 4500
=001  991006981259704081
=005  20180103185019.0
=008  110408s2011\\\\enka\\\\\b\\\\001\0\eng\d
=016  7\$a015897292$2Uk
=020  \\$a9780712358187
=020  \\$a0712358188
=035  \\$a(NvLN)b42172937-01unlv_inst
=035  \\$a(OCoLC)712117503
=035  \\$a(UtOrBLW)b42172937
=040  \\$aBTCTA$beng$cBTCTA$dYDXCP$dUKMGB$dBWX$dTFW$dTXA
=049  \\$aUNLM
=050  \4$aND3339$b.W35 2011
=100  1\$aWalker-Meikle, Kathleen
=245  10$aMedieval cats /$cKathleen Walker-Meikle
=260  \\$aLondon :$bBritish Library,$c2011
=300  \\$a89 p. :$bcol. ill. ;$c20 cm
=336  \\$atext$btxt$2rdacontent
=337  \\$aunmediated$bn$2rdamedia
=338  \\$avolume$bnc$2rdacarrier
=504  \\$aIncludes bibliographical references (p. 88)
=650  \0$aCats in art$vPictorial works
=650  \0$aIllumination of books and manuscripts, Medieval$vPictorial works
=710  2\$aBritish Library
=907  \\$a.b42172937$b08-03-14$c12-08-11
=910  \\$ardae
=911  \\$akrr
=945  \\$g1$i31147013820131$lunlm $o-$p{dollar}14.95$q-$r-$s-$t0$u7$v1$w1$x1$y.i51721764$z12-08-11
=994  \\$aC0$bUNL
=998  \\$aunlm$b12-16-11$cm$da$e-$feng$genk$h0$i1
=999  \\$t.o7470228

