=LDR  01842cam a2200505 a 4500
=001  991007457699704081
=005  20180103185140.0
=008  100415s2011\\\\nyua\\\c\\\\\\000\f\eng\\
=010  \\$a2010011430
=016  7\$a016027316$2Uk
=020  \\$a9780375864575 (hard cover)
=020  \\$a0375864571 (hard cover)
=020  \\$a9780375964572 (library binding)
=020  \\$a0375964576 (library binding)
=035  \\$a(NvLN)b43303109-01unlv_inst
=035  \\$a(OCoLC)609529922
=035  \\$a(UtOrBLW)b43303109
=040  \\$aDLC$beng$cDLC$dIG#$dBTCTA$dIK2$dZPX$dLPL$dEHH$dVP@$dYDXCP$dCVA$dNTE$dUKMGB$dBDX$dUNL
=042  \\$alcac
=049  \\$aUNLC
=082  00$a[Fic]$222
=099  \\$aJuvFic Voigt
=100  1\$aVoigt, Cynthia
=245  10$aYoung Fredle /$cCynthia Voigt ; illustrated by Louise Yates
=250  \\$a1st ed
=260  \\$aNew York :$bAlfred A. Knopf,$c2011
=300  \\$a227 p. :$bill. ;$c22 cm
=336  \\$atext$btxt$2rdacontent
=337  \\$aunmediated$bn$2rdamedia
=338  \\$avolume$bnc$2rdacarrier
=586  \\$aAmerican Library Association Notable Children's Books, 2012
=520  \\$aFredle, a young mouse cast out of his home, faces dangers and predators outside, makes some important discoveries and allies, and learns the meaning of freedom as he struggles to return home
=650  \0$aMice$vJuvenile fiction
=650  \0$aLiberty$vJuvenile fiction
=650  \0$aDogs$vJuvenile fiction
=650  \0$aCats$vJuvenile fiction
=700  1\$aYates, Louise,$eillustrator.$4ill
=907  \\$a.b43303109$b04-06-17$c04-02-12
=910  \\$ardae
=911  \\$adcm
=945  \\$g1$i31147013360385$lunlcf$o-$p{dollar}0.00$q-$r-$s-$t0$u1$v0$w0$x1$y.i53000195$z04-25-12
=949  0\$aUNLCF$p31147013360385
=994  \\$aC0$bUNL
=998  \\$aunlcf$b04-25-12$cm$da$e-$feng$gnyu$h0$i1
=999  \\$t.o7514177

