=LDR  02248cam a2200613 i 4500
=001  991017723779704081
=005  20180103193603.0
=008  131113s2014\\\\maua\\\b\\\\\\000\1\eng\\
=010  \\$a2013042822
=015  \\$aGBB4C5592$2bnb
=016  7\$a016938700$2Uk
=020  \\$a9780152060633
=020  \\$a0152060634
=035  \\$a(NvLN)b48392339-01unlv_inst
=035  \\$a(OCoLC)863127593$z(OCoLC)867610080
=035  \\$a(UtOrBLW)b48392339
=040  \\$aDLC$beng$erda$cDLC$dIG#$dYDXCP$dBTCTA$dMCANN$dSINLB$dFOLLT$dUKMGB$dCZL$dOCLCF$dE4K$dUNL
=042  \\$apcc$alcac
=049  \\$aUNLC
=082  00$a[E]$223
=099  \\$aER Rylant
=100  1\$aRylant, Cynthia
=245  10$aMr. Putter & Tabby turn the page /$cCynthia Rylant ; illustrated by Arthur Howard
=246  3\$aMr. Putter and Tabby turn the page
=264  \1$aBoston ;$aNew York :$bHoughton Mifflin Harcourt,$c[2014]
=300  \\$a1 volume (unpaged) :$bcolor illustrations ;$c23 cm
=336  \\$atext$btxt$2rdacontent
=336  \\$astill image$bsti$2rdacontent
=337  \\$aunmediated$bn$2rdamedia
=338  \\$avolume$bnc$2rdacarrier
=521  \\$aElementary Grade
=521  1\$aAges 6 to 9
=586  \\$aAmerican Library Association Notable Children's Books, 2015
=586  \\$aGeisel Honor, 2012
=520  \\$aMr. Putter and Mrs. Teaberry bring Tabby and Zeke to the library for a special storytime
=650  \0$aBooks and reading$vJuvenile fiction
=650  \0$aLibraries$vJuvenile fiction
=650  \0$aCats$vJuvenile fiction
=650  \0$aDogs$vJuvenile fiction
=650  \7$aBooks and reading.$2fast$0(OCoLC)fst00836454
=650  \7$aCats.$2fast$0(OCoLC)fst00849374
=650  \7$aDogs.$2fast$0(OCoLC)fst00896265
=650  \7$aLibraries.$2fast$0(OCoLC)fst00997341
=655  \7$aFiction.$2fast$0(OCoLC)fst01423787
=655  \7$aJuvenile works.$2fast$0(OCoLC)fst01411637
=700  1\$aHoward, Arthur,$eillustrator.$4ill
=907  \\$a.b48392339$b07-18-17$c07-22-14
=910  \\$ardae
=911  \\$ajpj
=945  \\$g1$i31147014288650$lunlc $o-$p{dollar}0.00$q-$r-$s-$t0$u0$v0$w0$x0$y.i59584543$z02-03-15
=949  0\$aUNLC$p31147014288650
=994  \\$aC0$bUNL
=998  \\$aunlc$b02-03-15$cm$da$e-$feng$gmau$h0$i1
=999  \\$t.b48392339

