=LDR  02553pam a2200469 i 4500
=001  991011742459704081
=005  20170426223839.0
=008  160915s2017\\\\nyu\\\\\\\\\\\000\1\eng\\
=010  \\$a2016037304
=020  \\$a9780451494627 (hardback)
=020  \\$a0451494628
=020  \\$a9781101974520 (paperback)
=035  \\$a(NvLN)b55249383-01unlv_inst
=035  \\$aBRD2016037304$9ExL
=040  \\$aDLC$beng$erda$cDLC
=041  1\$aeng$hjpn
=042  \\$apcc
=082  00$a895.63/5$223
=099  \\$aLEISURE
=100  1\$aMurakami, Haruki,$d1949-$eauthor
=240  10$aShort stories.$kSelections.$lEnglish
=245  10$aMen without women :$bstories /$cHaruki Murakami ; translated from the Japanese by Philip Gabriel and Ted Goossen
=250  \\$aFirst edition
=264  \1$aNew York :$bAlfred A. Knopf,$c2017
=300  \\$a227 pages ;$c21 cm
=336  \\$atext$btxt$2rdacontent
=337  \\$aunmediated$bn$2rdamedia
=338  \\$avolume$bnc$2rdacarrier
=505  0\$aDrive My Car -- Yesterday -- An Independent Organ -- Scheherazade -- Kino -- Samsa in Love -- Men Without Women
=520  \\$a"A dazzling new collection of short stories--the first major new work of fiction from the beloved, internationally acclaimed, Haruki Murakami since his #1 best-selling Colorless Tsukuru Tazaki and His Years of Pilgrimage.  Across seven tales, Haruki Murakami brings his powers of observation to bear on the lives of men who, in their own ways, find themselves alone. Here are vanishing cats and smoky bars, lonely hearts and mysterious women, baseball and the Beatles, woven together to tell stories that speak to us all.  Marked by the same wry humor that has defined his entire body of work, in this collection Murakami has crafted another contemporary classic"--$cProvided by publisher
=510  4\$aPublishers Weekly,$cMarch 20, 2017
=510  4\$aKirkus Reviews,$cMarch 01, 2017
=510  4\$aLibrary Journal Prepub Alert,$cNovember 14, 2016
=600  10$aMurakami, Haruki,$d1949-$vTranslations into English
=655  \7$aShort stories.$2gsafd
=700  1\$aGabriel, Philip,$d1953-$etranslator
=700  1\$aGoossen, Ted,$etranslator
=776  08$iOnline version:$aMurakami, Haruki, 1949- author.$tMen without women$bFirst edition.$dNew York : Alfred A. Knopf, 2017$z9780451494634$w(DLC) 2016045518
=907  \\$a.b55249383$b06-19-17$c06-02-17
=945  \\$g1$i31147014415303$lunlk $o-$p{dollar}0.00$q-$r-$s-$t0$u1$v1$w1$x0$y.i66091524$z06-02-17
=949  \1$p31147014415303$aUNLK
=998  \\$aunlk$b06-02-17$cm$da$e-$feng$gnyu$h0$i1

