=LDR  04372cam a2200565Ii 4500
=001  991017160889704081
=005  20140605232116.0
=008  130318t20132013nyu\\\\\\b\\\\001\j\eng\d
=010  \\$a2012954952
=020  \\$a9781598532524
=020  \\$a1598532529
=035  \\$a(NvLN)b48114935-01unlv_inst
=035  \\$a(OCoLC)830367642
=035  \\$a(UtOrBLW)b48114935
=040  \\$aYDXCP$beng$erda$cYDXCP$dBDX$dIHV$dIGR$dIH8$dZCU$dIBI$dCDX$dCOO$dSHH$dDRU$dCHVBK$dMTG$dIOG$dOCLCF$dIPN$dP4I$dSJE$dOBE
=043  \\$an-us---
=049  \\$aUNLM
=050  \4$aPS3571.P4$bA6 2013b
=082  04$a813/.54$223
=100  1\$aUpdike, John
=240  10$aShort stories.$kSelections
=245  10$aCollected later stories /$cJohn Updike ; Christopher Carduff, editor
=246  3\$aJohn Updike :$bcollected later stories
=246  38$aUpdike :$bcollected later stories
=264  \1$aNew York :$bLibrary of America,$c[2013]
=264  \4$c©2013
=300  \\$aix, 994 pages ;$c21 cm
=336  \\$atext$btxt$2rdacontent
=337  \\$aunmediated$bn$2rdamedia
=338  \\$avolume$bnc$2rdacarrier
=490  1\$aLibrary of America ;$v243
=505  00$tDomestic life in America --$tFrom the journal of a leper --$tThe fairy godfathers --$tThe egg race --$tThe parade --$tThe faint --$tGuilt-gems --$tAtlantises --$tMorocco --$tTrust me --$tMore stately mansions --$tStill of some use --$tThe lovely troubled daughters of our old crowd --$tVenezuela for visitors --$tPygmalion --$tThe city --$tLearn a trade --$tThe ideal village --$tDeaths of distant friends --$tFirst wives and trolley cars --$tThe other --$tOne more interview --$tSlippage --$tPoker night --$tMade in heaven --$tGetting into the set --$tThe wallet --$tThe other woman --$tBeautiful husbands --$tLeaf season --$tThe afterlife --$tWildlife --$tThe burglar alarm --$tConjunction --$tBrother grasshopper --$tSpat --$tThe journey to the dead --$tThe football factory --$tPart of the process --$tThe lens factory --$tThe man who became a soprano --$tShort Easter --$tA sandstone farmhouse --$tThe other side of the street --$tAperto, chiuso --$tTristan and Iseult --$tFarrell's caddie --$tThe rumor --$tFalling asleep up north --$tThe brown chest --$tHis mother inside him --$tBluebeard in Ireland --$tBaby's first step --$tPlaying with dynamite --$tScenes from the fifties --$tThe black room --$tCruise --$tThe women who got away --$tLunch hour --$tNew York girl --$tThe cats --$tMy father on the verge of disgrace --$tLicks of love in the heart of the Cold War --$tOliver's evolution --$tNatural color --$tHow was it, really? --$tMetamorphosis --$tPersonal archaeology --$tFree --$tThe guardians --$tThe walk with Elizanne --$tThe laughter of the gods --$tVarieties of religious experience --$tSpanish prelude to a second marriage --$tDelicate wives --$tThe accelerating expansion of the universe --$tGerman lessons --$tThe road home --$tMy father's tears --$tKinderszenen --$tThe apparition --$tBlue light --$tOutage --$tThe full glass
=504  \\$aIncludes bibliographical references and index
=520  \\$a"Of the eighty-four stories gathered here, fifty-three first appeared in The New Yorker. Most were revised by the author for his collections Problems (1979), Trust Me (1987), The Afterlife (1994), Licks of Love (2000), and My Father's Tears (2009). All were written from 1976 to 2008, when Updike was in his mid-forties to mid-seventies, and are arranged here, for the first time, in the order in which they were completed. Each is offered in its latest, definitive text, and some incorporate posthumous corrections found in Updike's personal copies of his books."--Dust jacket
=650  \0$aShort stories, American
=651  \0$aUnited States$xSocial life and customs$y20th century$vFiction
=655  \7$aShort stories.$2gsafd
=700  1\$aCarduff, Christopher,$eeditor.$4edt
=830  \0$aLibrary of America ;$v243
=907  \\$a.b48114935$b05-08-15$c04-30-14
=910  \\$ardae
=910  \\$ayb
=935  \\$a.o7813272
=938  \\$aYBP Library Services$bYANK$n10351171
=938  \\$aBrodart$bBROD$n104576413
=938  \\$aCoutts Information Services$bCOUT$n25089130
=945  \\$g1$i31147014136263$lunlm $o-$p{dollar}37.50$q-$r-$s-$t0$u0$v0$w0$x0$y.i58698322$z06-11-14
=949  0\$aUNLM$p31147014136263$sp
=994  \\$a92$bUNL
=998  \\$aunlm$b06-23-14$cm$da$e-$feng$gnyu$h0$i1

