=LDR  01263cam a2200397Ma 4500
=001  991018846879704081
=005  20141209151249.0
=008  140624s2014\\\\enka\\\\\\\\\\000\0\eng\d
=015  \\$aGBB496828$2bnb
=016  7\$a016862932$2Uk
=020  \\$a9780712357500$q(pbk.)
=020  \\$a0712357505$q(pbk.)
=035  \\$a(NvLN)b49016039-01unlv_inst
=035  \\$a(OCoLC)890393323
=035  \\$a(UtOrBLW)b49016039
=040  \\$aUKMGB$beng$cUKMGB$dOCLCO$dYDXCP$dOCLCQ
=049  \\$aUNLM
=050  \4$aN7668.C3$bI5 2014
=082  04$a700.4629752$223
=245  00$aIn the company of cats :$billustration through the ages
=264  \1$aLondon :$bThe British Library,$c2014
=300  \\$apages cm
=336  \\$atext$btxt$2rdacontent
=336  \\$astill image$bsti$2rdacontent
=337  \\$aunmediated$bn$2rdamedia
=338  \\$avolume$bnc$2rdacarrier
=650  \0$aCats in art
=650  \0$aCats$vPictorial works
=907  \\$a.b49016039$b05-08-15$c12-17-14
=910  \\$ardae
=910  \\$ayb
=938  \\$aYBP Library Services$bYANK$n11706576
=945  \\$g1$i31147014188868$lunlm $o-$p{dollar}15.00$q-$r-$s-$t0$u1$v0$w1$x0$y.i59438678$z12-17-14
=949  0\$aUNLM$p31147014188868$sp
=994  \\$a92$bUNL
=998  \\$aunlm$b12-29-14$cm$da$e-$feng$genk$h0$i1

