=LDR  02250cam a2200541 a 4500
=001  991009412079704081
=005  20180103185635.0
=008  120508s2012\\\\nyua\\\\\\\\\\000\1\eng\\
=010  \\$a2012017239
=020  \\$a9780765327475 (hbk.)
=020  \\$a0765327473 (hbk.)
=035  \\$a(NvLN)b45000591-01unlv_inst
=035  \\$a(OCoLC)760974707
=035  \\$a(UtOrBLW)b45000591
=040  \\$aDLC$beng$cDLC$dIG#$dBTCTA$dYDXCP$dBDX$dUPZ$dIUK$dIK2$dBWX$dVP@$dUNL
=049  \\$aUNLS
=050  00$aPS3554.O8237$bC276995 2012
=082  00$a813/.54$223
=100  1\$aDouglas, Carole Nelson
=245  10$aCat in a white tie and tails /$cCarole Nelson Douglas
=250  \\$a1st ed
=260  \\$aNew York :$bForge,$c2012
=300  \\$a367 p. :$bill. ;$c22 cm
=336  \\$atext$btxt$2rdacontent
=337  \\$aunmediated$bn$2rdamedia
=338  \\$avolume$bnc$2rdacarrier
=490  1\$aA Midnight Louie mystery
=500  \\$a"A Tom Doherty Associates book."
=590  \\$aLibrary's copy inscribed "very best fishes!", signed by the author, and dated August 5, 2012 in red ink
=520  \\$aChaperoning Temple Barr's visit to Chicago to meet fiancé Matt Devine's family, hard-boiled feline sleuth Midnight Louie is unexpectedly catnapped by an abductor with ties to an unsolved string of murders in Vegas and Temple's ex, the amnesiac magician Max Kinsella
=650  \0$aMidnight Louie (Fictitious character)$vFiction
=650  \0$aBarr, Temple (Fictitious character)$vFiction
=650  \0$aWomen private investigators$zNevada$zLas Vegas$vFiction
=650  \0$aWomen public relations personnel$zNevada$zLas Vegas$vFiction
=650  \0$aWomen cat owners$zNevada$zLas Vegas$vFiction
=650  \0$aCats$zNevada$zLas Vegas$vFiction
=651  \0$aChicago (Ill.)$vFiction
=651  \0$aLas Vegas (Nev.)$vFiction
=655  \0$aDetective and mystery stories
=655  \7$aMystery fiction.$2gsafd
=800  1\$aDouglas, Carole Nelson.$tMidnight Louie mysteries
=907  \\$a.b45000591$b09-29-16$c03-06-13
=910  \\$ardae
=911  \\$aklr
=945  \\$g1$lunls $nGIFT$o-$p{dollar}0.00$q-$r-$so$t0$u0$v0$w0$x0$y.i54619920$z03-06-13
=949  0\$aUNLS$so$xGIFT
=994  \\$aC0$bUNL
=998  \\$aunls$b03-06-13$cm$da$e-$feng$gnyu$h0$i1

