=LDR  03313cam a2200673Ii 4500
=001  991011502429704081
=005  20180103185950.0
=008  150902t20152015xxu\\\\\\\\\\\000\f\eng\d
=010  \\$a2015910881
=020  \\$a9781943175017$q(paperback)
=020  \\$a1943175012$q(paperback)
=020  \\$z9781943175031$q(digital)
=020  \\$z1943175039$q(digital)
=020  \\$z9781681413785$q(audiobook)
=020  \\$z1681413787$q(audiobook)
=035  \\$a(NvLN)b55183086-01unlv_inst
=035  \\$a(OCoLC)919634798
=035  \\$a(UtOrBLW)b55183086
=040  \\$aJBL$beng$erda$cJBL$dJBL$dOCLCO$dIY5$dOCLCO$dIK2$dJAO$dOCLCF$dOCLCO$dBDX$dOCL$dOCLCO$dVP@$dPPLBT$dILC$dPOSTP$dOCLCO$dOCLCQ$dOCLCO$dUNL
=043  \\$an-us-nv
=049  \\$aUNLS
=050  \4$aPS3554.O8237$bC2769987 2015
=082  00$a813.54$223
=100  1\$aDouglas, Carole Nelson,$eauthor.$4aut
=245  10$aCat in a zebra zoot suit :$bthe twenty-seventh Midnight Louie mystery /$cby Carole Nelson Douglas
=250  \\$aFirst edition
=264  \1$a[United States] :$bWishlist Books,$c[2015]
=264  \4$c2015
=300  \\$a310 pages ;$c22 cm
=336  \\$atext$btxt$2rdacontent
=337  \\$aunmediated$bn$2rdamedia
=338  \\$avolume$bnc$2rdacarrier
=490  1\$aA Midnight Louie mystery
=520  \\$aTemple Barr and Midnight Louie investigate two mysterious deaths, decades apart, along with connections to an abandoned 1950s Vegas nightclub building. A strip club opening in a nearby empty building threatens Temple Barr's elderly landlady's wedding chapel business. Then Electra Lark is charged with murder, in a death that echoes a bizarre slaying decades earlier. Temple's fiancé, Matt Devine, plays detective at a forgotten fifties night club, Zoot Suit Choo-Choo. Meanwhile her ex, magician-counter terrorist Max Kinsella, dodges IRA remnants in Ireland where he's searching for his cousin, presumed dead from a pub bombing years earlier
=650  \0$aMidnight Louie (Fictitious character)$vFiction
=650  \0$aBarr, Temple (Fictitious character)$vFiction
=650  \0$aWomen private investigators$zNevada$zLas Vegas$vFiction
=650  \0$aWomen cat owners$zNevada$zLas Vegas$vFiction
=650  \0$aWomen public relations personnel$zNevada$zLas Vegas$vFiction
=650  \0$aCats$zNevada$zLas Vegas$vFiction
=651  \0$aLas Vegas (Nev.)$vFiction
=650  \7$aBarr, Temple (Fictitious character)$2fast$0(OCoLC)fst00827719
=650  \7$aCats.$2fast$0(OCoLC)fst00849374
=650  \7$aMidnight Louie (Fictitious character)$2fast$0(OCoLC)fst01020598
=650  \7$aWomen cat owners.$2fast$0(OCoLC)fst01177391
=650  \7$aWomen private investigators.$2fast$0(OCoLC)fst01178427
=651  \7$aNevada$zLas Vegas.$2fast$0(OCoLC)fst01204935
=655  \7$aDetective and mystery fiction.$2fast$0(OCoLC)fst01726581
=655  \7$aFiction.$2fast$0(OCoLC)fst01423787
=655  \7$aMystery fiction.$2gsafd
=655  \7$aDetective and mystery fiction.$2lcgft
=800  1\$aDouglas, Carole Nelson.$tMidnight Louie mysteries
=907  \\$a.b55183086$b06-12-17$c05-03-17
=910  \\$ardae
=911  \\$aklr
=945  \\$g1$lunls $nGIFT$o-$p{dollar}0.00$q-$r-$so$t0$u0$v0$w0$x0$y.i66014876$z05-03-17
=949  0\$aUNLS$so$xGIFT
=994  \\$aC0$bUNL
=998  \\$aunls$b05-03-17$cm$da$e-$feng$gxxu$h0$i1

