=LDR  02239cam a2200493Ii 4500
=001  991009501979704081
=005  20180103185657.0
=008  140920s2014\\\\txua\\\e\\\\\\000\f\eng\d
=020  \\$a0974474266$q(pbk.)
=020  \\$a9780974474267$q(pbk.)
=035  \\$a(NvLN)b54307090-01unlv_inst
=035  \\$a(OCoLC)892963257
=035  \\$a(UtOrBLW)b54307090
=040  \\$aCNEDM$beng$erda$cCNEDM$dOCLCO$dNYP$dUW3$dORX$dOCLCF$dILC$dOCLCO$dOCL$dBDX$dPPLBT$dOCLCQ$dUOJ$dUNL
=043  \\$an-us-nv
=049  \\$aUNLS
=050  \4$aPS3554.O8237$bC276995 2014
=082  04$a[Fic]
=100  1\$aDouglas, Carole Nelson
=245  10$aCat in a yellow spotlight /$cby Carole Nelson Douglas
=264  \1$aFort Worth, TX :$bWishlist Publishing,$c[2014]
=300  \\$a313 pages :$billustrations ;$c22 cm
=336  \\$atext$btxt$2rdacontent
=337  \\$aunmediated$bn$2rdamedia
=338  \\$avolume$bnc$2rdacarrier
=490  1\$aMidnight Louie mystery ;$v26
=500  \\$aSequel to: Cat in an alien x-ray
=520  \\$aTabloids went wild over the shocking disappearance of Black & White's two singing divas and flamboyant manager years earlier. The women made comebacks, but manager Cale Watson was never seen again. Now, the Las Vegas reunion show revives a deadly duel between the two divas. Temple Barr and Midnight Louie must sniff out clues to save the Crystal Phoenix hotel's reputation and any at-risk lives ... including their own
=650  \0$aMidnight Louie (Fictitious character)$vFiction
=650  \0$aBarr, Temple (Fictitious character)$vFiction
=650  \0$aWomen private investigators$zNevada$zLas Vegas$vFiction
=650  \0$aWomen cat owners$zNevada$zLas Vegas$vFiction
=650  \0$aCats$zNevada$zLas Vegas$vFiction
=650  \0$aPrima donnas (Singers)$zNevada$zLas Vegas$vFiction
=651  \0$aLas Vegas (Nev.)$vFiction
=655  \7$aDetective and mystery fiction.$2lcgft
=800  1\$aDouglas, Carole Nelson.$tMidnight Louie mysteries
=907  \\$a.b54307090$b12-15-16$c09-29-16
=910  \\$ardae
=911  \\$aklr
=945  \\$g1$lunls $nGIFT$o-$p{dollar}0.00$q-$r-$so$t0$u0$v0$w0$x0$y.i65114565$z09-29-16
=949  0\$aUNLS$so$xGIFT
=994  \\$aC0$bUNL
=998  \\$aunls$b09-29-16$cm$da$e-$feng$gtxu$h0$i1

