=LDR  02287cam a22005414a 4500
=001  991006924129704081
=005  20180103185005.0
=008  120208s2013\\\\nyuab\\j\b\\\\001\0\eng\\
=010  \\$a2012003342
=020  \\$a9781617725692 (library binding)
=020  \\$a1617725692 (library binding)
=035  \\$a(NvLN)b53083039-01unlv_inst
=035  \\$a(OCoLC)775779511$z(OCoLC)811247884$z(OCoLC)882564256
=035  \\$a(UtOrBLW)b53083039
=037  \\$a1346551$bQBI
=040  \\$aDLC$beng$cDLC$dIG#$dBTCTA$dBDX$dZHV$dOCLCO$dJST$dQBX$dYDXCP$dOCLCF$dCTB$dCZL$dOCLCO$dSWW$dUNL
=042  \\$apcc
=049  \\$aUNLC
=050  00$aQL737.C23$bP423 2013
=082  00$a599.75/24$223
=100  1\$aPerson, Stephen
=245  10$aCougar :$ba cat with many names /$cby Stephen Person
=260  \\$aNew York, NY :$bBearport Pub.,$c2013
=300  \\$a32 p. :$bill. (chiefly col.), col. maps ;$c27 cm
=336  \\$atext$btxt$2rdacontent
=337  \\$aunmediated$bn$2rdamedia
=338  \\$avolume$bnc$2rdacarrier
=490  1\$aAmerica's hidden animal treasures
=505  0\$aZeus and the cougar -- Habitat all around -- People and cougars -- Secretive cats -- Going in for the kill -- Mothers and kittens -- Time to move out -- Cougars moving east -- Long way from home -- Was that a cougar? -- Endangered in Florida -- Living with cougars -- Cougar facts -- People helping cougars
=504  \\$aIncludes bibliographical references and index
=586  \\$aOutstanding Science Trade Books for Students, 2014
=521  \\$aElementary Grade
=521  8\$a1010$bLexile
=526  0\$aAccelerated Reader$c6.1
=526  0\$aReading Counts!$c7.6
=520  \\$aPhotographs and text describe the life of a cougar, how it hunts, raises its young and searches for new territory
=650  \0$aPuma$vJuvenile literature
=650  \7$aPuma.$2fast$0(OCoLC)fst01083962
=655  \7$aJuvenile works.$2fast$0(OCoLC)fst01411637
=830  \0$aAmerica's hidden animal treasures
=907  \\$a.b53083039$b11-06-17$c04-11-16
=910  \\$ardae
=911  \\$acoc
=945  \\$g1$i31147014343125$lunlc $o-$p{dollar}0.00$q-$r-$s-$t0$u1$v0$w1$x0$y.i63945368$z05-16-16
=949  0\$aUNLC$p31147014343125
=994  \\$aC0$bUNL
=998  \\$aunlc$b05-16-16$cm$da$e-$feng$gnyu$h0$i1
=999  \\$t.o8036202

