=LDR  01931cam a22004818i 4500
=001  991011534549704081
=005  20180103190007.0
=008  121228s2013\\\\nyua\\\b\6\\\\000\1\eng\\
=010  \\$a2012047661
=020  \\$a9781935179337 (alk. paper)
=020  \\$a1935179330 (alk. paper)
=035  \\$a(NvLN)b45870391-01unlv_inst
=035  \\$a(OCoLC)823085236$z(OCoLC)825733514
=035  \\$a(UtOrBLW)b45870391
=040  \\$aDLC$beng$erda$cDLC$dYDXCP$dOCLCQ$dNYP$dUPZ$dBTCTA$dBDX$dFLWMD$dUNL
=042  \\$alcac$apcc
=049  \\$aUNLC
=082  00$a741.5/973$223
=099  \\$aJuvGn Cammuso
=100  1\$aCammuso, Frank,$eauthor,$eillustrator.$4aut$4ill
=245  10$aOtto's backwards day :$ba Toon book /$cby Frank Cammuso with Jay Lynch
=264  \1$aNew York, NY :$bToon Books, an imprint of Candlewick Press,$c[2013]
=300  \\$a31 pages :$bchiefly color illustrations ;$c24 cm
=336  \\$atext$btxt$2rdacontent
=336  \\$astill image$bsti$2rdacontent
=337  \\$aunmediated$bn$2rdamedia
=338  \\$avolume$bnc$2rdacarrier
=490  1\$aToon into reading. Level 3
=500  \\$a"A junior library guild selection"--Title page verso
=520  \\$a"Someone stole Otto's birthday! When Otto the cat and his robot sidekick Toot follow the crook, they discover a topsy-turvy world where rats chase cats and people wear underpants over their clothes"--$cProvided by publisher
=650  \0$aBirthdays$vComic books, strips, etc
=650  \0$aCats$vComic books, strips, etc
=655  \0$aGraphic novels
=700  1\$aLynch, Jay,$eauthor.$4aut
=830  \0$aToon into reading.$nLevel 3
=907  \\$a.b45870391$b08-04-14$c09-16-13
=910  \\$ardae
=911  \\$adcm
=945  \\$g1$i31147012300689$lunlcg$o-$p{dollar}0.00$q-$r-$s-$t0$u1$v0$w0$x0$y.i55540387$z09-20-13
=949  0\$aUNLCG$p31147012300689
=994  \\$aC0$bUNL
=998  \\$aunlcg$b09-20-13$cm$da$e-$feng$gnyu$h0$i1
=999  \\$t.b45870391

