=LDR  02205cam a2200565 a 4500
=001  991019060119704081
=005  20150114112617.0
=008  120615s2013\\\\maua\\\b\\\\\\000\1\eng\c
=010  \\$a2012024434
=016  7\$a016457448$2Uk
=020  \\$a9781580893817 (reinforced for library use)
=020  \\$a1580893813 (reinforced for library use)
=020  \\$a9781607346029 (ebook)
=020  \\$a1607346028 (ebook)
=035  \\$a(NvLN)b4907717x-01unlv_inst
=035  \\$a(OCoLC)795909494
=035  \\$a(UtOrBLW)b4907717x
=040  \\$aNJQ/DLC$beng$cZQP$dDLC$dOCLCO$dYDXCP$dBTCTA$dBDX$dSO{dollar}$dMLY$dIH7$dUIU$dNYP$dUKMGB$dIJ5$dOCLCF$dOCLCQ$dOCLCO
=042  \\$alcac$apcc
=049  \\$aUNLC
=082  00$a[E]$223
=082  00$a813.54$223
=099  \\$aPicBk Johnston
=100  1\$aJohnston, Tony,$d1942-
=245  14$aThe cat with seven names /$cTony Johnston ; illustrated by Christine Davenier
=260  \\$aWatertown, Mass. :$bCharlesbridge,$c©2013
=300  \\$a1 volume (unpaged) :$bcolor illustrations ;$c23 x 29 cm
=336  \\$atext$btxt$2rdacontent
=337  \\$aunmediated$bn$2rdamedia
=338  \\$avolume$bnc$2rdacarrier
=586  \\$aNotable Social Studies Trade Books for Young People, 2014
=520  \\$aA wandering cat brightens the lives of six lonely people--and persuades all of them to feed him until a near accident brings them all together
=650  \0$aCats$vJuvenile picture books
=650  \0$aLoneliness$vJuvenile picture books
=650  \7$aCats.$2fast$0(OCoLC)fst00849374
=650  \7$aLoneliness.$2fast$0(OCoLC)fst01002214
=655  \7$aFiction.$2fast$0(OCoLC)fst01423787
=655  \7$aJuvenile works.$2fast$0(OCoLC)fst01411637
=700  1\$aDavenier, Christine,$eillustrator.$4ill
=907  \\$a.b4907717x$b11-06-17$c12-24-14
=910  \\$ardae
=910  \\$ayb
=935  \\$a.o7901264
=938  \\$aBrodart$bBROD$n104166142
=938  \\$aBaker and Taylor$bBTCP$nBK0012830748
=938  \\$aYBP Library Services$bYANK$n10197602
=945  \\$g1$i31147014197455$lunlci$o-$p{dollar}16.95$q-$r-$s-$t0$u0$v0$w0$x0$y.i5955227x$z01-15-15
=949  0\$aUNLCI$p31147014197455$sp
=994  \\$a92$bUNL
=998  \\$aunlci$b01-26-15$cm$da$e-$feng$gmau$h4$i1

