=LDR  02748cam a2200637Ii 4500
=001  991010863849704081
=005  20180103185913.0
=008  160831t20162016xxu\\\\\\\\\\\000\f\eng\d
=020  \\$a9781943175055$q(library/retail trade paperback edition)
=020  \\$a1943175055$q(library/retail trade paperback edition)
=020  \\$z9781943175079$q(digital)
=020  \\$z9781520018065$q(audio book)
=035  \\$a(NvLN)b54976303-01unlv_inst
=035  \\$a(OCoLC)957556315
=035  \\$a(UtOrBLW)b54976303
=040  \\$aJBL$beng$erda$cJBL$dOCLCO$dBDX$dOCLCF$dOCLCO$dUNL
=043  \\$an-us-nv
=049  \\$aUNLS
=082  04$a813.54$223
=090  \\$aPS3554.O8237$bC276999 2016
=100  1\$aDouglas, Carole Nelson,$eauthor.$4aut
=245  10$aCat in an alphabet endgame :$bthe twenty-eighth Midnight Louie mystery /$cby Carole Nelson Douglas
=250  \\$aFirst edition
=264  \1$aUnited States :$bWishlist Publishing,$c[2016]
=264  \4$c©2016
=300  \\$a301 pages ;$c22 cm
=336  \\$atext$btxt$2rdacontent
=337  \\$aunmediated$bn$2rdamedia
=338  \\$avolume$bnc$2rdacarrier
=490  1\$aA Midnight Louie mystery
=520  \\$aMidnight Louie and the Las Vegas Cat Pack are on the case to stop some Las Vegas mobsters, while Temple Barr tries to choose whom to marry: ex-priest radio counselor Matt Devine, or, magician Max Kinsella
=650  \0$aMidnight Louie (Fictitious character)$vFiction
=650  \0$aBarr, Temple (Fictitious character)$vFiction
=650  \0$aWomen private investigators$zNevada$zLas Vegas$vFiction
=650  \0$aWomen public relations personnel$zNevada$zLas Vegas$vFiction
=650  \0$aWomen cat owners$zNevada$zLas Vegas$vFiction
=650  \0$aCats$zNevada$zLas Vegas$vFiction
=651  \0$aLas Vegas (Nev.)$vFiction
=650  \7$aBarr, Temple (Fictitious character)$2fast$0(OCoLC)fst00827719
=650  \7$aCats.$2fast$0(OCoLC)fst00849374
=650  \7$aMidnight Louie (Fictitious character)$2fast$0(OCoLC)fst01020598
=650  \7$aWomen cat owners.$2fast$0(OCoLC)fst01177391
=650  \7$aWomen private investigators.$2fast$0(OCoLC)fst01178427
=651  \7$aNevada$zLas Vegas.$2fast$0(OCoLC)fst01204935
=655  \7$aDetective and mystery fiction.$2lcgft
=655  \7$aMystery fiction.$2gsafd
=655  \7$aDetective and mystery fiction.$2fast$0(OCoLC)fst01726581
=655  \7$aFiction.$2fast$0(OCoLC)fst01423787
=800  1\$aDouglas, Carole Nelson.$tMidnight Louie mysteries
=907  \\$a.b54976303$b06-09-17$c03-20-17
=910  \\$ardae
=911  \\$aklr
=945  \\$g1$lunls $nGIFT$o-$p{dollar}0.00$q-$r-$so$t0$u0$v0$w0$x0$y.i65818003$z03-20-17
=949  0\$aUNLS$so$xGIFT
=994  \\$aC0$bUNL
=998  \\$aunls$b03-20-17$cm$da$e-$feng$gxxu$h0$i1


